@article{bernstein:1988:STA,
	title = "Speech Training Aids for Hearing-impaired Individuals",
	author = "L. E. Bernstein and M. H. Goldstein and J. J. Mahshie",
	journal = "Journal of Rehabilitation Research and Development",
	volume = "25",
	number = "4",
	year = "1988",
	pages = "53--62",
}

@book{blume:2009:AE,
	title = "Artificial Ear : Cochlear Implants and the Culture of Deafness",
	author = "Stuart S. Blume",
	year = 2009,
	publisher = "Rutgers University Press",
}

@book{connor:1971:SDC,
	title = "Speech for the Deaf Child: Knowledge and Use",
	author = "L. Connor",
	year = 1971,
	publisher = "The Alexander Graham Bell Association for the Deaf, Inc.",
}

@article{heracleous:2010:CSA,
	title = "Cued Speech Automatic Recognition in Normal-hearing and Deaf Subjects",
	author = "Panikos Heracleous and Denis Beautemps and Noureddine Aboutabit",
	journal = "Speech Communication",
	volume = "52",
	number = "6",
	year = "2010",
	pages = "504--512",
}

@article{lasak:2014:HL,
	title = "Hearing Loss: Diagnosis and Management",
	author = "J. Lasak and P. Allen and T. McVay and D. Lewis",
	journal = "Primary Care",
	volume = "41",
	number = "1",
	year = "2014",
	pages = "19--31",
}

@book{ oyer:1976:CHH,
	author = { Oyer, Herbert J. },
	title = { Communication for the hearing handicapped : an international perspective / edited by Herbert J. Oyer },
	publisher = { University Park Press Baltimore },
	year = { 1976 },
}

@mastersthesis{agustin:2014:SOM,
	author = "Natalie Agustin",
	title = "Using Self-Organizing Maps and Regression to Solve the Acoustic-to-Articulatory Inversion as Input to a Visual Articulatory System",
	school = "De La Salle University",
	year = 2014,
}

@phdthesis{oster:2006:cbs,
	author = "Anna Oster",
	title = "Computer-Based Speech Therapy Using Visual Feedback with Focus on Children with Profound Hearing Impairments",
	school = "KTH School of Computer Science and Communciation",
	year = 2006,
}

@inproceedings{oster:1996:cac,
	author = "Anna Oster",
	title = "Clinical applications of computer-based speech training for children with hearing-impairment",
	booktitle = "Proceedings of ICSLP-96, 4th Int. Conference on Spoken Language Processing",
	year = 1996,
	pages = "157--160",
}

@article{javkin:1993:msa,
	author = "Hector Javkin and Norma Antonanzas-Barroso and Amitav Das and Daniel Zerkle",
	title = "A Motivation-Sustatining Articulatory/Acoustic Speech Training System for Profoundly Deaf Children",
	journal = "IEEE",
	pages = "145--148",
	year = 1993,
}

@article{wankhede:2014:dvs,
	author = "N. Wankhede",
	title = "Designing Visual Speech Training Aids for Hearing Impaired Children",
	journal = "International Journal of Advanced Research in Electrical, Electronics and Instrumentation Engineering",
	volume = "3",
	number = "4",
	year = 2014,
}

@article{chandar:2013:srs,
	author = "Subash Chandar and A. Suriyanarayanan and M. Manikandan",
	title = "Speech Recognition using SOM and Actuation via Network in Matlab",
	journal = "International Journal of Electronic Signals and Systems",
	volume = "3",
	year = "2013",
}

@article{nanaya:2012:hap,
	title = "The Haptic Chair Speech Training Aid for the Deaf",
	author = "S. Nanayakkara and L. Wyse and E. Taylor",
	journal = "OZCHI",
	year = 2012,
	howpublished = "\url{http://www.sutd.edu.sg/cmsresource/idc/papers/2012_The_Haptic_Chair_as_a_Speech_Training_Aid_for_the_Deaf.pdf}",
}