@article{bernstein:1988:STA,
	title = "Speech Training Aids for Hearing-impaired Individuals",
	author = "L. E. Bernstein and M. H. Goldstein and J. J. Mahshie",
	journal = "Journal of Rehabilitation Research and Development",
	volume = "25",
	number = "4",
	year = "1988",
	pages = "53--62",
}

@book{blume:2009:AE,
	title = "Artificial Ear : Cochlear Implants and the Culture of Deafness",
	author = "Stuart S. Blume",
	year = 2009,
	publisher = "Rutgers University Press",
}

@book{connor:1971:SDC,
	title = "Speech for the Deaf Child: Knowledge and Use",
	author = "L. Connor",
	year = 1971,
	publisher = "The Alexander Graham Bell Association for the Deaf, Inc.",
}

@article{heracleous:2010:CSA,
	title = "Cued Speech Automatic Recognition in Normal-hearing and Deaf Subjects",
	author = "Panikos Heracleous and Denis Beautemps and Noureddine Aboutabit",
	journal = "Speech Communication",
	volume = "52",
	number = "6",
	year = "2010",
	pages = "504--512",
}

@article{lasak:2014:HL,
	title = "Hearing Loss: Diagnosis and Management",
	author = "J. Lasak and P. Allen and T. McVay and D. Lewis",
	journal = "Primary Care",
	volume = "41",
	number = "1",
	year = "2014",
	pages = "19--31",
}

@book{ oyer:1976:CHH,
	author = { Oyer, Herbert J. },
	title = { Communication for the hearing handicapped : An international perspective },
	publisher = { University Park Press Baltimore },
	year = { 1976 },
}

@mastersthesis{agustin:2014:SOM,
	author = "Natalie Agustin",
	title = "Using Self-Organizing Maps and Regression to Solve the Acoustic-to-Articulatory Inversion as Input to a Visual Articulatory System",
	school = "De La Salle University",
	year = 2014,
}

@phdthesis{oster:2006:cbs,
	author = "Anna Oster",
	title = "Computer-Based Speech Therapy Using Visual Feedback with Focus on Children with Profound Hearing Impairments",
	school = "KTH School of Computer Science and Communciation",
	year = 2006,
}

@inproceedings{oster:1996:cac,
	author = "Anna Oster",
	title = "Clinical applications of computer-based speech training for children with hearing-impairment",
	booktitle = "Proceedings of ICSLP-96, 4th Int. Conference on Spoken Language Processing",
	year = 1996,
	pages = "157--160",
}

@article{javkin:1993:msa,
	author = "Hector Javkin and Norma Antonanzas-Barroso and Amitav Das and Daniel Zerkle",
	title = "A Motivation-Sustatining Articulatory/Acoustic Speech Training System for Profoundly Deaf Children",
	journal = "IEEE",
	pages = "145--148",
	year = 1993,
}

@article{wankhede:2014:dvs,
	author = "N. Wankhede",
	title = "Designing Visual Speech Training Aids for Hearing Impaired Children",
	journal = "International Journal of Advanced Research in Electrical, Electronics and Instrumentation Engineering",
	volume = "3",
	number = "4",
	year = 2014,
}

@article{chandar:2013:srs,
	author = "Subash Chandar and A. Suriyanarayanan and M. Manikandan",
	title = "Speech Recognition using SOM and Actuation via Network in Matlab",
	journal = "International Journal of Electronic Signals and Systems",
	volume = "3",
	year = "2013",
}

@article{nanaya:2012:hap,
	title = "The Haptic Chair Speech Training Aid for the Deaf",
	author = "S. Nanayakkara and L. Wyse and E. Taylor",
	journal = "OZCHI",
	year = 2012,
	howpublished = "\url{http://www.sutd.edu.sg/cmsresource/idc/papers/2012_The_Haptic_Chair_as_a_Speech_Training_Aid_for_the_Deaf.pdf}",
}

@misc{kennedy:1998:spv,
  title = {Speech Viewer 3 Review},
  author = {Gerry Kennedy},
  year = 1998,
  howpublished = {\url{http://www.spectronics.com.au/article/3073}},
  note = {Accessed March 16, 2015}
}

@misc{speechville:2014:slp,
	title = {Software: for Speech-language Pathology},
	author = {Speechville},
	year = 2014,
	howpublished = {\url{http://www.speechville.com/speech-therapy/software-slps.html}},
	note = {Accessed March 16, 2015}
}

@misc{drspeech:1998:st5,
	title = {Speech Therapy 5},
	author = {Tiger DRS, Inc.},
	year = 1998,
	howpublished = {\url{http://www.drspeech.com/SpeechTherapy5.html}},
	note = {Accessed March 16, 2015}
}

@article{kohonen:1988:pho,
	title = "The 'neural' Phonetic Typewriter",
	author = "T Kohonen",
	year = 1988,
	journal = "Computer"
}

@PROCEEDINGS{li:2008:som,
    title = {Information Visualization with Self-Organizing Maps},
    booktitle = {4th Kuala Lumpur International Conference on Biomedical Engineering 2008 },
    author = {Jing Li},
    year =  2008,
    publisher = {Springer},
    howpublished = {\url{http://www14.in.tum.de/konferenzen/Jass05/courses/6/Papers/09.pdf}},
    note = {Accessed July 18, 2015}
}

@misc{dh:1964:lohl,
  title = {Levels of Hearing Loss},
  author = {DeafHear.ie},
  year = 1964,
  howpublished = {\url{https://www.deafhear.ie/DeafHear/levelsOfHearingLoss.html}},
  note = {Accessed September 26, 2015}
}

@article{matkin:1999:cechl,
	title = "Considerations in the Education of Children with Hearing Loss",
	author = "Noel D. Matkin, PhD and Amy M. Wilcox, MS",
	year = 1999,
	journal = "Pediatric Clinics of North America"
}

@article{alleyne:2010:nci,
	title = "New cochlear implant offers all round hearing to deaf at half the cost",
	author = "Richard Alleyne",
	year = 2010,
	howpublished = {\url{http://www.telegraph.co.uk/news/health/news/7968074/New-cochlear-implant-offers-all-round-hearing-to-deaf-at-half-the-cost.html}},
	note = {Accessed September 26, 2015}
}

@article{garcia:2015:dtfd,
	title = "Digital technology fights deafness in the Philippines",
	author = "Leony Garcia",
	year = 2015,
	howpublished = {\url{http://www.businessmirror.com.ph/digital-technology-fights-deafness-in-the-philippines/}},
	note = {Accessed October 9, 2015}
}

@inproceedings{logan:2000:mel,
  title={Mel Frequency Cepstral Coefficients for Music Modeling},
  author={Logan, Beth and others},
  booktitle={ISMIR},
  year={2000}
}

@article{Sahidullah2012543,
    title = "Design, analysis and experimental evaluation of block based transformation in \{MFCC\} computation for speaker recognition ",
    journal = "Speech Communication ",
    volume = "54",
    number = "4",
    pages = "543 - 565",
    year = "2012",
    note = "",
    issn = "0167-6393",
    doi = "http://dx.doi.org/10.1016/j.specom.2011.11.004",
    url = "http://www.sciencedirect.com/science/article/pii/S0167639311001622",
    author = "Md. Sahidullah and Goutam Saha",
    keywords = "Speaker recognition",
    keywords = "MFCC",
    keywords = "DCT",
    keywords = "Correlation matrix",
    keywords = "Decorrelation technique",
    keywords = "Linear transformation",
    keywords = "Block transform",
    keywords = "Narrow-band noise",
    keywords = "Missing feature theory "
}

@INPROCEEDINGS{han:mfcc-extraction:2006, 
author={Wei Han and Cheong-Fat Chan and Chiu-Sing Choy and Kong-Pang Pun}, 
booktitle={Circuits and Systems, 2006. ISCAS 2006. Proceedings. 2006 IEEE International Symposium on}, 
title={An efficient MFCC extraction method in speech recognition}, 
year={2006}, 
pages={4 pp.-}, 
keywords={cepstral analysis;logic gates;speech recognition;MFCC extraction algorithm;MFCC extraction method;Mel-frequency cepstrum coefficients;logic gates;speech recognition;Cepstrum;Computational modeling;Filter bank;Hardware;Logic gates;Mel frequency cepstral coefficient;Power engineering and energy;Power engineering computing;Power filters;Speech recognition}, 
doi={10.1109/ISCAS.2006.1692543}, 
month={May},}

@book{brookhart:2008:gef,
	title = "How to Give Effective Feedback to Your Students",
	author = "Susan M. Brookhart",
	year = 2008,
	publisher = "Association for Curriculum Development",
}

@book{markides:1983:sohic,
	title = "The Speech of Hearing-impaired Children",
	author = "Andreas Markides",
	year = 1983,
	publisher = "Manchester University Press",
}

@misc{autispks:2015:slmi,
  title = {What Treatments are Available for Speech, Language and Motor Issues?},
  year = 2014,
  howpublished = {\url{https://www.autismspeaks.org/what-autism/treatment/what-treatments-are-available-speech-language-and-motor-impairments}},
  note = {Accessed: October 12, 2015}
}

@article{damasio:1992:aphasia,
author = {Damasio, Antonio R.},
title = {Aphasia},
journal = {New England Journal of Medicine},
year = {1992},
doi = {10.1056/NEJM199202203260806},
URL = {http://dx.doi.org/10.1056/NEJM199202203260806},

}

@article{hayes:2013:tost,
author = {Hayes, Kristin R.N.},
title = {Types of Speech Therapy},
year = {2013},
URL = {http://ent.about.com/od/livingwithentdisorders/a/Types-Of-Speech-Therapy.htm},
}

@book{adams:2009:sgsa,
	title = "Say Goodbye to Your Southern Accent",
	author = "Jennifer Adams and Johanna Chapman",
	year = 2009,
	publisher = "Language Success Press",
}

@book{ravin:2004:lyad,
	title = "Lose Your Accent in 28 Days",
	author = "Judy Ravin",
	year = 2004,
	publisher = "Language Success Press",
}

@misc{omniglot:2015:ttiya,
  title = {Top 5 Techniques for Improving Your American Accent},
  year = 2014,
  howpublished = {\url{http://www.omniglot.com/language/articles/accenttraining.htm}},
  note = {Accessed: October 13, 2015}
}

@misc{britannica:2014:phoetics,
  title = {Phonetics},
  year = 2014,
  howpublished = {\url{http://www.britannica.com/science/phonetics}},
  note = {Accessed: October 9, 2015}
}

@misc{britannica:2014:acoustic-phoetics,
  title = {Acoustic Phonetics},
  year = 2014,
  howpublished = {\url{http://www.britannica.com/science/phonetics/Acoustic-phonetics}},
  note = {Accessed: October 9, 2015}
}

@misc{wikipedia:2014:phoneme,
  title = {Phoneme},
  year = 2015,
  howpublished = {\url{https://en.wikipedia.org/wiki/Phoneme}},
  note = {Accessed: October 9,2015}
}

@online{jadeblue:2013:phonemic-chart,
  title = {Phonemic Chart},
  author = "Adrian Underhill",
  year = 2013,
  howpublished = {\url{https://jadeblueefl.files.wordpress.com/2013/07/phonemic-chart-with-colours.jpg}},
  note = {Accessed: October 9, 2015}
}

@misc{britannica:2015:diphthongs,
  title = {Diphthongs},
  year = 2015,
  howpublished = {\url{http://www.britannica.com/topic/diphthong}},
  note = {Accessed: October 10, 2015}
}

@misc{videovoice:2015:description,
  title = {Video Voice},
  year = 2015,
  howpublished = {\url{http://www.videovoice.com/}},
  note = {Accessed: October 12, 2015}
}

@misc{videovoice:2015:speechtherapyapplications,
  title = {Video Voice - Speech Therapy Applications},
  year = 2015,
  howpublished = {\url{http://www.videovoice.com/vv_thapp.htm}},
  note = {Accessed: October 12, 2015}
}

@misc{videovoice:2015:formantdisplays,
  title = {Video Voice - Formant Displays},
  year = 2015,
  howpublished = {\url{http://www.videovoice.com/vv_frmnt.htm}},
  note = {Accessed: October 12, 2015}
}

@article{jstor:1996:lli,
	title = "Language Comprehension in Language-Learning Impaired Children Improved
    with Acoustically Modified Speech",
	author = "Paula Tallal, Steve Miller, Gail Bedi, et. al.",
	journal = "JSTOR",
	volume = "271",
	number = "5245",
	year = "1996",
	pages = "81-84",
}

@article{science:1966:schizo,
	title = "Acquisition of Imitative Speech by Schizophrenic Children",
	author = "Ivar Lovaas, John P. Berberich, Bernard F. Perloff, Benson Schaeffer",
	journal = "Science",
	volume = "151",
	number = "3711",
	year = "1966",
	pages = "705-707",
}

@article{wiley:2002:pictureexchange,
	title = "Using The Picture Exchange Communication System (PECS) With Children With Autism: Assessment Of PECS Acquisition, Speech, Social-Communicative Behavior, And Problem Behavior",
	author = "Marjorie H. Charlop-Christy, Michael Carpenter, Loc Le, Linda A. LeBlanc, and Kristen Kellet",
	journal = "Journal of Applied Behavior Analysis",
	volume = "35",
	year = "2002",
	pages = "213-231",
}

@article{lshss:2000:sli,
	title = "The Efficacy of Phonological Awareness Intervention for Children With Spoken Language Impairment",
	author = "Gail T. Gillon",
	journal = "Language, Speech, and Hearing Services in Schools",
	volume = "31",
	year = "2000",
	pages = "126-141",
}

@book{gillonmcneill:2007:sli,
	author = { Gail T. Gillon & Brigid C. McNeill },
	title = { An intervention program for preschool children withSpeech-language impairment },
	publisher = { University of Canterbury, New Zealand },
	year = { 2007 },
}

@misc{bungalow:2012:speechtherapy,
  title = {Bungalow Software},
  year = 2012,
  howpublished = {\url{http://www.bungalowsoftware.com/benefits.htm}},
  note = {Accessed: October 13,2015}
}

@book{lewand:2000:crymath,
	title = "Cryptological Mathematics",
	author = "Robert Edward Lewand",
	year = 2000,
	publisher = "Mathematical Association of America",
}

@misc{speechviewer3:img,
  title = {SpeechViewer III},
  howpublished = {\url{http://www.deborahhealey.com/images/spvwfarm.gif},
  note = {Accessed: Octorber 13,2015}
}

@misc{speechtherapy5:img,
  title = {SpeechTherapy 5},
  howpublished = {\url{http://www.drspeech.com/SpeechTherapy5.html},
  note = {Accessed: Octorber 13,2015}
}

@misc{usingphonemes:img,
  title = {Using Phonemes in the Classroom: / haʊ / How?},
  howpublished = {\url{https://jadeblueefl.wordpress.com/pronunciation/using-phonemes-in-the-classroom-haʊ-how/},
  note = {Accessed: Octorber 13,2015}
}